%%All References go here

@book{Creswell:2014a,
  title={A concise introduction to mixed methods research},
  author={Creswell, John W},
  year={2014},
  publisher={SAGE publications}
}

@book{Kothari:2004a,
  title={Research methodology: Methods and techniques},
  author={Kothari, Chakravanti Rajagopalachari},
  year={2004},
  publisher={New Age International}
}